<collection xmlns="http://www.loc.gov/MARC21/slim">
<record>
  <leader>01325nam0a2200241 i 450 </leader>
  <controlfield tag="001">IT\ICCU\CNCE\041476</controlfield>
  <controlfield tag="005">20120525000000.0</controlfield>
  <datafield tag="012" ind1=" " ind2=" ">
    <subfield code="a">j.ne t.s, s.n- vn&amp;d (3) 1571 (R)</subfield>
    <subfield code="2">fei</subfield>
  </datafield>
  <datafield tag="100" ind1=" " ind2=" ">
    <subfield code="a">19981126d1571        0itac0103    ba</subfield>
  </datafield>
  <datafield tag="101" ind1=" " ind2=" ">
    <subfield code="a">LAT</subfield>
  </datafield>
  <datafield tag="102" ind1=" " ind2=" ">
    <subfield code="a">IT</subfield>
  </datafield>
  <datafield tag="200" ind1="1" ind2=" ">
    <subfield code="a">Tractatus de syndicatu variorum authorum, nempe Baldi de Perusio, Angeli de Perusio, Cataldini de Boncompagnis, Amedei Iustini, Paridis de Puteo, et Augustini Dulceti Veronensis. Qui antea sparsim vagabantur, nou ̈ver ̣ ̉dn. Gabriele Sarayna i.c. Veronensi in unum congesti, quorum locupletissimum, tum rerum tum uerborum memorabilium indicem adiecimus</subfield>
  </datafield>
  <datafield tag="210" ind1=" " ind2=" ">
    <subfield code="a">Venetiis</subfield>
    <subfield code="c">\al segno della Fontana!</subfield>
    <subfield code="d">1571</subfield>
  </datafield>
  <datafield tag="215" ind1=" " ind2=" ">
    <subfield code="a">360, \60! c.</subfield>
    <subfield code="d">4ʻ</subfield>
  </datafield>
  <datafield tag="620" ind1=" " ind2=" ">
    <subfield code="a">IT</subfield>
    <subfield code="d">Venezia</subfield>
  </datafield>
  <datafield tag="712" ind1="0" ind2="2">
    <subfield code="a">℗al segno della ℗Fontana</subfield>
    <subfield code="3">IT\ICCU\CNCT\000186</subfield>
    <subfield code="4">650</subfield>
  </datafield>
  <datafield tag="801" ind1=" " ind2="3">
    <subfield code="a">IT</subfield>
    <subfield code="b">ICCU</subfield>
    <subfield code="c">20201114</subfield>
  </datafield>
  <datafield tag="899" ind1=" " ind2=" ">
    <subfield code="a">Biblioteca Lancisiana. Roma</subfield>
    <subfield code="1">RM0260</subfield>
    <subfield code="2">RMS H8</subfield>
  </datafield>
  <datafield tag="899" ind1=" " ind2=" ">
    <subfield code="a">Biblioteca universitaria Alessandrina. Roma</subfield>
    <subfield code="1">RM0280</subfield>
    <subfield code="2">RML 01</subfield>
  </datafield>
  <datafield tag="899" ind1=" " ind2=" ">
    <subfield code="a">Biblioteca civica Pio Rajna. Sondrio</subfield>
    <subfield code="1">SO0040</subfield>
    <subfield code="2">ZSO 01</subfield>
  </datafield>
  <datafield tag="899" ind1=" " ind2=" ">
    <subfield code="a">Biblioteca diocesana  Beata Lucia Broccadelli. Narni</subfield>
    <subfield code="1">TR0059</subfield>
    <subfield code="2">UM1 77</subfield>
  </datafield>
  <datafield tag="911" ind1=" " ind2=" ">
    <subfield code="a">sul front.</subfield>
    <subfield code="9">IT\ICCU\CNCM\000119</subfield>
  </datafield>
  <datafield tag="921" ind1=" " ind2=" ">
    <subfield code="a">IT\ICCU\CNCM\000119</subfield>
    <subfield code="b">Fontana zampillante a forma di anfora sorretta da puttini.</subfield>
    <subfield code="c">Q38</subfield>
    <subfield code="c">Z559</subfield>
    <subfield code="d">Dimensioni: 5,3 x 5,8</subfield>
    <subfield code="f">FONTANA</subfield>
    <subfield code="f">PUTTO</subfield>
    <subfield code="f">VASO</subfield>
    <subfield code="g">1551-1600</subfield>
  </datafield>
</record>
</collection>
